@inproceedings{Fluhrer2001,
  author    = {Scott Fluhrer and Itsik Mantin and Adi Shamir},
  title     = {Weaknesses in the Key Scheduling Algorithm of {RC4}},
  booktitle = {Selected Areas in Cryptography},
  series    = {Lecture Notes in Computer Science},
  volume    = {2259},
  pages     = {1--24},
  year      = {2001},
  publisher = {Springer},
  doi       = {10.1007/3-540-45537-X_1}
}

@inproceedings{Tews2007,
  author    = {Erik Tews and Ralf-Philipp Weinmann and Andrei Pyshkin},
  title     = {Breaking 104 Bit {WEP} in Less than 60 Seconds},
  booktitle = {Proceedings of the 8th International Conference on Information Security Applications (WISA 2007)},
  pages     = {188--202},
  year      = {2007},
  publisher = {Springer},
  doi       = {10.1007/978-3-540-77535-5_15}
}

@article{vibhuti2005ieee,
  title={IEEE 802.11 WEP wired equivalent privacy concepts and vulnerability},
  author={Vibhuti, Shivaputrappa},
  journal={San Jose State University, CA, USA, CS265 Spring},
  year={2005}
}